@article{liu2016fully,
  title={Fully-tuned fuzzy neural network based robust adaptive tracking control of unmanned underwater vehicle with thruster dynamics},
  author={Liu, Yan-Cheng and Liu, Si-Yuan and Wang, Ning},
  journal={Neurocomputing},
  volume={196},
  number={6},
  pages={1--13},
  year={2016},
  publisher={Elsevier}
}
@article{zhang2019image,
  title={Image De-raining Using a Conditional Generative Adversarial Network},
  author={Zhang, He and Sindagi, Vishwanath and Patel, Vishal M},
  journal={IEEE Trans. Image Process.},
  volume={30},
  number={11},
  pages={3943--3956},
  year={2019},
  publisher={IEEE}
}
@article{li2021underwater,
  title={Underwater Image Enhancement via Medium Transmission-Guided Multi-Color Space Embedding},
  author={Li, Chongyi and Anwar, Saeed and Hou, Junhui and Cong, Runmin and Guo, Chunle and Ren, Wenqi},
  journal={IEEE Trans. Image Process.},
  volume={30},
  pages={4985--5000},
  year={2021},
  publisher={IEEE}
}
@article{bochkovskiy2020yolov4,
  title={Yolov4: Optimal speed and accuracy of object detection},
  author={Bochkovskiy, Alexey and Wang, Chien-Yao and Liao, Hong-Yuan Mark},
  journal={arXiv preprint arXiv:2004.10934},
  year={2020}
}
@Article{Zero-DCE++,
          author ={Li, Chongyi and Guo, Chunle and Loy, Chen Change},
          title = {Learning to Enhance Low-Light Image via Zero-Reference Deep Curve Estimation (early access)},
          journal = {IEEE Trans. Pattern Anal. Mach. Intell.},
          year = {2021},
         publisher={IEEE}
          }
          
@article{lilearning,
  title={Learning to Enhance Low-Light Image via Zero-Reference Deep Curve Estimation},
  author={Li, Chongyi and Guo, Chunle and Chen, Change Loy},
  journal={IEEE Trans. Pattern Anal. Mach. Intell.}
}
@article{lai2018fast,
  title={Fast and accurate image super-resolution with deep laplacian pyramid networks},
  author={Lai, Wei-Sheng and Huang, Jia-Bin and Ahuja, Narendra and Yang, Ming-Hsuan},
  journal={IEEE Trans. Pattern Anal. Mach. Intell.},
  volume={41},
  number={11},
  pages={2599--2613},
  year={2018},
  publisher={IEEE}
}
@inproceedings{ahn2018fast,
  title={Fast, accurate, and lightweight super-resolution with cascading residual network},
  author={Ahn, Namhyuk and Kang, Byungkon and Sohn, Kyung-Ah},
  booktitle={Proc. Eur. Conf. Comput. Vis.},
  pages={252--268},
  year={2018}
}

@article{shen2017trajectory,
  title={Trajectory tracking control of an autonomous underwater vehicle using Lyapunov-based model predictive control},
  author={Shen, Chao and Shi, Yang and Buckham, Brad},
  journal={IEEE Transactions on Industrial Electronics},
  volume={65},
  number={7},
  pages={5796--5805},
  year={2017},
  publisher={IEEE}
}

@article{russakovsky2015imagenet,
  title={Imagenet large scale visual recognition challenge},
  author={Russakovsky, Olga and Deng, Jia and Su, Hao and Krause, Jonathan and Satheesh, Sanjeev and Ma, Sean and Huang, Zhiheng and Karpathy, Andrej and Khosla, Aditya and Bernstein, Michael and others},
  journal={International journal of computer vision},
  volume={115},
  number={3},
  pages={211--252},
  year={2015},
  publisher={Springer}
}

@article{brunet2011mathematical,
  title={On the mathematical properties of the structural similarity index},
  author={Brunet, Dominique and Vrscay, Edward R and Wang, Zhou},
  journal={IEEE Trans. Image Process.},
  volume={21},
  number={4},
  pages={1488--1499},
  year={2011},
  publisher={IEEE}
}
@article{allen1971mean,
  title={Mean square error of prediction as a criterion for selecting variables},
  author={Allen, David M},
  journal={Technometrics},
  volume={13},
  number={3},
  pages={469--475},
  year={1971},
  publisher={Taylor \& Francis Group}
}


@article{huynh2008scope,
  title={Scope of validity of PSNR in image/video quality assessment},
  author={Huynh-Thu, Quan and Ghanbari, Mohammed},
  journal={Electronics Letters},
  volume={44},
  number={13},
  pages={800--801},
  year={2008},
  publisher={IET}
}
@inproceedings{xu2015empirical,
  title={Rectifier nonlinearities improve neural network acoustic models},
  author={Maas, Andrew L and Hannun, Awni Y and Ng, Andrew Y},
  booktitle={Proc. Int. Conf. Mach. Learn.},
  volume={30},
  number={1},
  pages={3},
  year={2013}
}



@inproceedings{carlevaris2010initial,
  title={Initial results in underwater single image dehazing},
  author={Carlevaris-Bianco, Nicholas and Mohan, Anush and Eustice, Ryan M},
  booktitle={MTS/IEEE Seattle, OCEANS},
  pages={1--8},
  year={2010},
}
@inproceedings{kingma2014adam,
  title={Adam: A method for stochastic optimization},
  author={Kingma, Diederik P and Ba, Jimmy},
   booktitle={Proc. Int. Conf. Learn. Represent.},
  year={2015}
}

@inproceedings{Wen2013Single,
  title={Single underwater image enhancement with a new optical model},
  author={Wen, Haocheng and Tian, Yonghong and Huang, Tiejun and Wen, Gao},
  booktitle={Proc. IEEE Int. Symp. Circuits Syst},
  pages={753--756},
  year={2013}
}



@article{chu2012review,
  title={Review of biomimetic underwater robots using smart actuators},
  author={Chu, Won-Shik and Lee, Kyung-Tae and Song, Sung-Hyuk and Han, Min-Woo and Lee, Jang-Yeob and Kim, Hyung-Soo and Kim, Min-Soo and Park, Yong-Jai and Cho, Kyu-Jin and Ahn, Sung-Hoon},
  journal={Int. J. Precis. Eng. Manuf.},
  volume={13},
  number={7},
  pages={1281--1292},
  year={2012},
  publisher={Springer}
}

@article{li2018deep,
  title={Deep Visual Tracking: Review and Experimental Comparison},
  author={Li, Peixia and Wang, Dong and Wang, Lijun and Lu, Huchuan},
  journal={Pattern Recognit.},
  volume={76},
  number={7},
  pages={323--338},
  year={2018},
  publisher={Elsevier}
}



@inproceedings{liu2019theoretically,
  title={A theoretically guaranteed deep optimization framework for robust compressive sensing mri},
  author={Liu, Risheng and Zhang, Yuxi and Cheng, Shichao and Fan, Xin and Luo, Zhongxuan},
  booktitle={Proc. AAAI Conf. Artif. Intell.},
  volume={33},
  pages={4368--4375},
  year={2019}
}



@article{fu2019lightweight,
  author={Fu, Xueyang and Liang, Borong and Huang, Yue and Ding, Xinghao and Paisley, John},
  journal={IEEE Trans. Neural Netw Learn Syst.}, 
  title={Lightweight pyramid networks for image deraining}, 
  year={2020},
  volume={31},
  number={6},
  pages={1794-1807},
  publisher={IEEE}}


@article{zhao2020super,
  title={Super-resolution of cardiac magnetic resonance images using Laplacian Pyramid based on Generative Adversarial Networks},
  author={Zhao, Ming and Liu, Xinhong and Liu, Hui and Wong, Kelvin KL},
  journal={Comput Med Imaging Graph.},
  volume={80},
  pages={101698},
  year={2020},
  publisher={Elsevier}
}
@inproceedings{fu2017removing,
  title={Removing rain from single images via a deep detail network},
  author={Fu, Xueyang and Huang, Jiabin and Zeng, Delu and Huang, Yue and Ding, Xinghao and Paisley, John},
  booktitle={Proc. IEEE Conf. Comput. Vis. Pattern Recognit.},
  pages={3855--3863},
  year={2017}
}
@article{lee2012vision,
  title={Vision-based object detection and tracking for autonomous navigation of underwater robots},
  author={Lee, Donghwa and Kim, Gonyop and Kim, Donghoon and Myung, Hyun and Choi, Hyun-Taek},
  journal={Ocean Eng.},
  volume={48},
  pages={59--68},
  year={2012},
  publisher={Elsevier}
}
@inproceedings{pedersen2019detection,
  title={Detection of marine animals in a new underwater dataset with varying visibility},
  author={Pedersen, Malte and Bruslund Haurum, Joakim and Gade, Rikke and Moeslund, Thomas B},
  booktitle={Proc. IEEE Conf. Comput. Vis. Pattern Recognit.},
  pages={18--26},
  year={2019}
}
@article{underwaterscene,
  title={Underwater image de-scattering and classification by deep neural network},
  author={Li, Yujie and Lu, Huimin and Li, Jianru and Li, Xin and Li, Yun and Serikawa, Seiichi},
  journal={Comput. Electr. Eng.},
  volume={54},
  pages={68--77},
  year={2016},
  publisher={Elsevier}
}

@inproceedings{simonyan2014very,
  title={Very deep convolutional networks for large-scale image recognition},
  author={Simonyan, Karen and Zisserman, Andrew},
  booktitle={Proc. Int. Conf. Learn. Represent.},
  year={2015}
}
@inproceedings{he2016deep,
  title={Deep residual learning for image recognition},
  author={He, Kaiming and Zhang, Xiangyu and Ren, Shaoqing and Sun, Jian},
  booktitle={Proc. IEEE Conf. Comput. Vis. Pattern Recognit.},
  pages={770--778},
  year={2016}
}
@article{li2020asif,
  title={ASIF-Net: Attention steered interweave fusion network for RGB-D salient object detection},
  author={Li, Chongyi and Cong, Runmin and Kwong, Sam and Hou, Junhui and Fu, Huazhu and Zhu, Guopu and Zhang, Dingwen and Huang, Qingming},
  journal={ IEEE Trans. Cybern.},
  volume={51},
  number={1},
  pages={88--100},
  year={2020},
  publisher={IEEE}
}








@inproceedings{iqbal2010enhancing,
  title={Enhancing the low quality images using unsupervised colour correction method},
  author={Iqbal, Kashif and Odetayo, Michael and James, Anne and Salam, Rosalina Abdul and Talib, Abdullah Zawawi Hj},
  booktitle={Proc. IEEE Int. Conf. Syst. Man Cybern.},
  pages={1703--1709},
  year={2010},
}

@article{ghani2015underwater,
  title={Underwater image quality enhancement through integrated color model with Rayleigh distribution},
  author={Ghani, Ahmad Shahrizan Abdul and Isa, Nor Ashidi Mat},
  journal={Appl. Soft Comput.},
  volume={27},
  pages={219--230},
  year={2015},
  publisher={Elsevier}
}

@inproceedings{ancuti2012enhancing,
  title={Enhancing underwater images and videos by fusion},
  author={Ancuti, Cosmin and Ancuti, Codruta Orniana and Haber, Tom and Bekaert, Philippe},
  booktitle={Proc. IEEE Conf. Comput. Vis. Pattern Recognit.},
  pages={81--88},
  year={2012},
}

@inproceedings{fu2017two,
  title={Two-step approach for single underwater image enhancement},
  author={Fu, Xueyang and Fan, Zhiwen and Ling, Mei and Huang, Yue and Ding, Xinghao},
  booktitle={Proc. Int. Symp. Intell. Signal Process. Commun. Syst.},
  pages={789--794},
  year={2017}
}

@inproceedings{fu2014retinex,
  title={A retinex-based enhancing approach for single underwater image},
  author={Fu, Xueyang and Zhuang, Peixian and Huang, Yue and Liao, Yinghao and Zhang, Xiao-Ping and Ding, Xinghao},
  booktitle={Proc. IEEE Int. Conf. Image Process.},
  pages={4572--4576},
  year={2014}
}

@article{zhang2017underwater,
  title={Underwater image enhancement via extended multi-scale Retinex},
  author={Zhang, Shu and Wang, Ting and Dong, Junyu and Yu, Hui},
  journal={Neurocomputing},
  volume={245},
  pages={1--9},
  year={2017},
  publisher={Elsevier}
}









@inproceedings{fusion-based,
  title={Enhancing underwater images and videos by fusion},
  author={Ancuti, Cosmin and Ancuti, Codruta Orniana and Haber, Tom and Bekaert, Philippe},
  booktitle={Proc. IEEE Conf. Comput.
Vis. Pattern Recognit.},
  pages={81--88},
  year={2012},
}
@article{GDCP,
  title={Generalization of the dark channel prior for single image restoration},
  author={Peng, Yan-Tsung and Cao, Keming and Cosman, Pamela C},
  journal={IEEE Trans. Image Process.},
  volume={27},
  number={6},
  pages={2856--2868},
  year={2018},
  publisher={IEEE}
}
@article{Histogram-prior,
  title={Underwater image enhancement by dehazing with minimum information loss and histogram distribution prior},
  author={Li, Chongyi and Guo, Ji-Chang and Cong, Run-Min and Pang, Yan-Wei and Wang, Bo},
  journal={IEEE Trans. Image Process.},
  volume={25},
  number={12},
  pages={5664--5677},
  year={2016},
  publisher={IEEE}
}
@inproceedings{water-gan,
  title={Enhancing underwater imagery using generative adversarial networks},
  author={Fabbri, Cameron and Islam, Md Jahidul and Sattar, Junaed},
  booktitle={Proc. IEEE Int. Conf. Rob Autom},
  pages={7159--7165},
  year={2018}
}
@article{dense-gan,
   title={Underwater image enhancement using a multiscale dense generative adversarial network}, 
  author={Guo, Yecai and Li, Hanyu and Zhuang, Peixian},
  journal={IEEE J. Ocean. Eng.}, 
   year={2020},
  volume={45},
  number={3},
  pages={862-870},
   publisher={IEEE}
}


@article{blurriness-based,
  title={Underwater image restoration based on image blurriness and light absorption},
  author={Peng, Yan-Tsung and Cosman, Pamela C},
  journal={IEEE Trans. Image Process.},
  volume={26},
  number={4},
  pages={1579--1594},
  year={2017},
  publisher={IEEE}
}
@article{li2017watergan,
  title={WaterGAN: Unsupervised generative network to enable real-time color correction of monocular underwater images},
  author={Li, Jie and Skinner, Katherine A and Eustice, Ryan M and Johnson-Roberson, Matthew},
  journal={IEEE Robot. Autom. Lett.},
  volume={3},
  number={1},
  pages={387--394},
  year={2017},
  publisher={IEEE}
}

@article{water-net,
  title={An underwater image enhancement benchmark dataset and beyond},
  author={Li, Chongyi and Guo, Chunle and Ren, Wenqi and Cong, Runmin and Hou, Junhui and Kwong, Sam and Tao, Dacheng},
  journal={IEEE Trans. Image Process.},
  volume={29},
  pages={4376--4389},
  year={2019},
  publisher={IEEE}
}

@article{uwcnn,
  title={Underwater scene prior inspired deep underwater image and video enhancement},
  author={Li, Chongyi and Anwar, Saeed and Porikli, Fatih},
  journal={Pattern Recognit.},
  volume={98},
  pages={107038},
  year={2020},
  publisher={Elsevier}
}

@inproceedings{berman2017diving,
  title={Diving into haze-lines: Color restoration of underwater images},
  author={Berman, Dana and Treibitz, Tali and Avidan, Shai},
  booktitle={Proc. Br. Mach. Vis. Conf.},
  volume={1},
  number={2},
  year={2017}
}




@article{yang2015underwater,
  title={An underwater color image quality evaluation metric},
  author={Yang, Miao and Sowmya, Arcot},
  journal={IEEE Trans. Image Process.},
  volume={24},
  number={12},
  pages={6062--6071},
  year={2015},
  publisher={IEEE}
}

@article{panetta2015human,
  title={Human-visual-system-inspired underwater image quality measures},
  author={Panetta, Karen and Gao, Chen and Agaian, Sos},
  journal={IEEE J. Ocean. Eng.},
  volume={41},
  number={3},
  pages={541--551},
  year={2015},
  publisher={IEEE}
}
@article{li2017hybrid,
  title={A hybrid method for underwater image correction},
  author={Li, Chongyi and Guo, Jichang and Guo, Chunle and Cong, Runmin and Gong, Jiachang},
  journal={Pattern Recognit Lett.},
  volume={94},
  pages={62--67},
  year={2017},
  publisher={Elsevier}
}
@article{lu2018low,
  title={Low illumination underwater light field images reconstruction using deep convolutional neural networks},
  author={Lu, Huimin and Li, Yujie and Uemura, Tomoki and Kim, Hyoungseop and Serikawa, Seiichi},
  journal={ Future Gener Comput Syst.},
  volume={82},
  pages={142--148},
  year={2018},
  publisher={Elsevier}
}
@article{serikawa2014underwater,
  title={Underwater image dehazing using joint trilateral filter},
  author={Serikawa, Seiichi and Lu, Huimin},
  journal={Comput. Electr. Eng.},
  volume={40},
  number={1},
  pages={41--50},
  year={2014},
  publisher={Elsevier}
}
@article{li2016underwater,
  title={Underwater image enhancement by dehazing with minimum information loss and histogram distribution prior},
  author={Li, Chongyi and Guo, Ji-Chang and Cong, Run-Min and Pang, Yan-Wei and Wang, Bo},
  journal={IEEE Trans. Image Process.},
  volume={25},
  number={12},
  pages={5664--5677},
  year={2016},
  publisher={IEEE}
}


@article{UDCP,
  title={Underwater depth estimation and image restoration based on single images},
  author={Drews, Paulo LJ and Nascimento, Erickson R and Botelho, Silvia SC and Campos, Mario Fernando Montenegro},
  journal={IEEE Comput Graph Appl.},
  volume={36},
  number={2},
  pages={24--35},
  year={2016},
  publisher={IEEE}
}

@article{RED,
  title={Automatic red-channel underwater image restoration},
  author={Galdran, Adrian and Pardo, David and Pic{\'o}n, Artzai and Alvarez-Gila, Aitor},
  journal={J Vis Commun Image Represent.},
  volume={26},
  pages={132--145},
  year={2015},
  publisher={Elsevier}
}



@article{chiang2011underwater,
  title={Underwater image enhancement by wavelength compensation and dehazing},
  author={Chiang, John Y and Chen, Ying-Ching},
  journal={IEEE Trans. Image Process.},
  volume={21},
  number={4},
  pages={1756--1769},
  year={2011},
  publisher={IEEE}
}




@article{he2010single,
  title={Single image haze removal using dark channel prior},
  author={He, Kaiming and Sun, Jian and Tang, Xiaoou},
  journal={IEEE Trans. Pattern Anal. Mach. Intell.},
  volume={33},
  number={12},
  pages={2341--2353},
  year={2010},
  publisher={IEEE}
}



@inproceedings{li2016underwatericip,
  title={Underwater image restoration based on minimum information loss principle and optical properties of underwater imaging},
  author={Li, Chongyi and Guo, Jichang and Chen, Shanji and Tang, Yibin and Pang, Yanwei and Wang, Jian},
  booktitle={Proc. IEEE 23th Int. Conf. Image Process.},
  pages={1993--1997},
  year={2016}
}
@inproceedings{hou2018joint,
  title={Joint residual learning for underwater image enhancement},
  author={Hou, Minjun and Liu, Risheng and Fan, Xin and Luo, Zhongxuan},
  booktitle={Proc. IEEE Int. Conf. Image Process.},
  pages={4043--4047},
  year={2018}
}
@inproceedings{akkaynak2019sea,
  title={Sea-thru: A method for removing water from underwater images},
  author={Akkaynak, Derya and Treibitz, Tali},
  booktitle={Proc. IEEE Conf. Comput. Vis. Pattern Recognit.},
  pages={1682--1691},
  year={2019}
}
@article{tracking,
  title={Visual tracking via Boolean map representations},
  author={Zhang, Kaihua and Liu, Qingshan and Yang, Jian and Yang, Ming-Hsuan},
  journal={Pattern Recognit.},
  volume={81},
  pages={147--160},
  year={2018},
  publisher={Elsevier}
}
@article{detection,
  title={Multi-task Structure-Aware Context Modeling for Robust Keypoint-Based Object Tracking},
  author={Li, Xi and Zhao, Liming and Ji, Wei and Wu, Yiming and Wu, Fei and Yang, Ming-Hsuan and Tao, Dacheng and Reid, Ian},
  journal={IEEE Trans. Pattern Anal. Mach. Intell.},
  volume={41},
  number={4},
  pages={915--927},
  year={2018},
  publisher={IEEE}
}
@article{reidentification,
  title={Uncertainty-optimized deep learning model for small-scale person re-identification},
  author={Zhao, Cairong and Chen, Kang and zang, Di and Zhang, Zhaoxiang and Zuo, Wangmeng and Miao, Duoqian},
  journal={Inf. Sci.},
  volume={1},
  pages={13},
  year={2019},
  publisher={Springer}
}
@article{ID-CGAN,
  title={Image de-raining using a conditional generative adversarial network},
  author={Zhang, He and Sindagi, Vishwanath and Patel, Vishal M},
  journal={IEEE Trans. Circuits Syst Video Technol.},
  pages={1-1},
  year={2019},
  publisher={IEEE}
}

@inproceedings{DID-MDN,
  title={Density-aware single image de-raining using a multi-stream dense network},
  author={Zhang, He and Patel, Vishal M},
  booktitle={Proc. IEEE Conf. Comput. Vis. Pattern Recognit.},
  pages={695--704},
  year={2018}
}
@inproceedings{SRtimofte2017ntire,
  title={Ntire 2017 challenge on single image super-resolution: Methods and results},
  author={Timofte, Radu and Agustsson, Eirikur and Van Gool, Luc and Yang, Ming-Hsuan and Zhang, Lei},
  booktitle={Proc. IEEE Conf. Comput. Vis. Pattern Recognit.},
  pages={114--125},
  year={2017}
}

@inproceedings{dehazeli2018single,
  title={Single image dehazing via conditional generative adversarial network},
  author={Li, Runde and Pan, Jinshan and Li, Zechao and Tang, Jinhui},
  booktitle={Proc. IEEE Conf. Comput. Vis. Pattern Recognit.},
  pages={8202--8211},
  year={2018}
}





@article{zheng2019scale,
  title={Scale Robust Deep Oriented-Text Detection Network},
  author={Zheng, Yuqiang and Xie, Yuan and Qu, Yanyun and Yang, Xiaodong and Li, Cuihua and Zhang, Yan},
  journal={Pattern Recognit.},
  pages={107180},
  year={2019},
  publisher={Elsevier}
}
@inproceedings{johnson2016perceptual,
  title={Perceptual losses for real-time style transfer and super-resolution},
  author={Johnson, Justin and Alahi, Alexandre and Fei-Fei, Li},
  booktitle={Proc. Eur. Conf. Comput. Vis.},
  pages={694--711},
  year={2016},
  organization={Springer}
}

@inproceedings{VGG16,
  title={Very deep convolutional networks for large-scale image recognition},
  author={Simonyan, Karen and Zisserman, Andrew},
  booktitle={Int. Conf. Learn. Represent.},
  year={2015}
}
@inproceedings{redmon2016you,
  title={You only look once: Unified, real-time object detection},
  author={Redmon, Joseph and Divvala, Santosh and Girshick, Ross and Farhadi, Ali},
  booktitle={Proc. IEEE Conf. Comput. Vis. Pattern Recognit.},
  pages={779--788},
  year={2016}
}


@inproceedings{tong2017image,
  title={Image super-resolution using dense skip connections},
  author={Tong, Tong and Li, Gen and Liu, Xiejie and Gao, Qinquan},
  booktitle={Proc. IEEE Int. Conf. Comput. Vis.},
  pages={4799--4807},
  year={2017}
}

  
@article{SRCNN,
  title={Image super-resolution using deep convolutional networks},
  author={Dong, Chao and Loy, Chen Change and He, Kaiming and Tang, Xiaoou},
  journal={IEEE Trans. Pattern Anal. Mach. Intell.},
  volume={38},
  number={2},
  pages={295--307},
  year={2015},
  publisher={IEEE}
}  
  
  
  
  
  
@InProceedings{EDVR,
author = {Wang, Xintao and Chan, Kelvin C.K. and Yu, Ke and Dong, Chao and Change Loy, Chen},
title = {EDVR: Video Restoration With Enhanced Deformable Convolutional Networks},
booktitle = {Proc. IEEE Conf. Comput. Vis. Pattern Recognit.},
month = {June},
year = {2019}
}

@article{zheng2020scale,
  title={Scale robust deep oriented-text detection network},
  author={Zheng, Yuqiang and Xie, Yuan and Qu, Yanyun and Yang, Xiaodong and Li, Cuihua and Zhang, Yan},
  journal={Pattern Recognit.},
  volume={102},
  pages={107180},
  year={2020},
  publisher={Elsevier}
}


  
@article{8100962,
  title={Single image dehazing using ranking convolutional neural network},
  author={Song, Yafei and Li, Jia and Wang, Xiaogang and Chen, Xiaowu},
  journal={IEEE Trans. Multimedia},
  volume={20},
  number={6},
  pages={1548--1560},
  year={2017},
  publisher={IEEE}
}  
  
  
  

  
@article{8820082,
  title={A flexible deep CNN framework for image restoration},
  author={Jin, Zhi and Iqbal, Muhammad Zafar and Bobkov, Dmytro and Zou, Wenbin and Li, Xia and Steinbach, Eckehard},
  journal={IEEE Trans. Multimedia},
  volume={22},
  number={4},
  pages={1055--1068},
  year={2019},
  publisher={IEEE}
}
  
@article{CCF,
  title={An imaging-inspired no-reference underwater color image quality assessment metric},
  author={Wang, Yan and Li, Na and Li, Zongying and Gu, Zhaorui and Zheng, Haiyong and Zheng, Bing and Sun, Mengnan},
  journal={Comput. Electr. Eng.},
  volume={70},
  pages={904--913},
  year={2018},
  publisher={Elsevier}
}


@ARTICLE{LNIQE,
  author={L. {Zhang} and L. {Zhang} and A. C. {Bovik}},
  journal={IEEE Trans. Image Process.}, 
  title={A feature-enriched completely blind image quality Evaluator}, 
  year={2015},
  volume={24},
  number={8},
  pages={2579-2591},
  publisher={IEEE},
  
  }
  
  
  @article{zhang2017beyond,
  title={Beyond a {Gaussian} Denoiser: Residual Learning of Deep {CNN} for Image Denoising},
  author={Zhang, Kai and Zuo, Wangmeng and Chen, Yunjin and Meng, Deyu and Zhang, Lei},
  journal={IEEE Trans. Image Process.},
  year={2017},
  volume={26}, 
  number={7}, 
  pages={3142-3155}, 
}

@article{badrinarayanan2017segnet,
  title={Segnet: A Deep Convolutional Encoder-Decoder Architecture for Image Segmentation},
  author={Badrinarayanan, Vijay and Kendall, Alex and Cipolla, Roberto},
  journal={IEEE Trans. Pattern Anal. Mach. Intell.},
  volume={39},
  number={12},
  pages={2481--2495},
  year={2017},
  publisher={IEEE}
}
@inproceedings{zhang2018perceptual,
  title={The Unreasonable Effectiveness of Deep Features as a Perceptual Metric},
  author={Zhang, Richard and Isola, Phillip and Efros, Alexei A and Shechtman, Eli and Wang, Oliver},
  booktitle = {Proc. IEEE Conf. Comput. Vis. Pattern Recognit.},
month = {June},
year = {2019}
}
@inproceedings{liuICCV2019GridDehazeNet,
    title={GridDehazeNet: Attention-Based Multi-Scale Network for Image Dehazing},
    author={Liu, Xiaohong and Ma, Yongrui and Shi, Zhihao and Chen, Jun},
    booktitle={Proc. IEEE Int. Conf. Comput. Vis.},
  pages={7314--7323},
  year={2019}
}
@article{liu2020real,
  title={Real-world Underwater Enhancement: Challenges, Benchmarks, and Solutions Under Natural Light},
  author={Liu, Risheng and Fan, Xin and Zhu, Ming and Hou, Minjun and Luo, Zhongxuan},
  journal={IEEE Trans. Circuits Syst Video Technol.},
  volume={30},
  number={12},
  pages={4861--4875},
  year={2020},
  publisher={IEEE}
}

@article{pang2018visual,
  title={Visual haze removal by a unified generative adversarial network},
  author={Pang, Yanwei and Xie, Jin and Li, Xuelong},
  journal={IEEE Trans. Circuits Syst Video Technol.},
  volume={29},
  number={11},
  pages={3211--3221},
  year={2018},
  publisher={IEEE}
}

@inproceedings{zhou2019spatio,
  title={Spatio-temporal filter adaptive network for video deblurring},
  author={Zhou, Shangchen and Zhang, Jiawei and Pan, Jinshan and Xie, Haozhe and Zuo, Wangmeng and Ren, Jimmy},
  booktitle={Proc. IEEE Int. Conf. Comput. Vis.},
  pages={2482--2491},
  year={2019}
}





@article{yang2019single,
  title={Single image haze removal via region detection network},
  author={Yang, Xi and Li, Hui and Fan, Yu-Long and Chen, Rong},
  journal={IEEE Trans. Multimedia},
  volume={21},
  number={10},
  pages={2545--2560},
  year={2019},
  publisher={IEEE}
}
@article{wang2020deep,
  title={Deep single image deraining via modeling haze-like effect (early access)},
  author={Wang, Yinglong and Gong, Dong and Yang, Jie and Shi, Qinfeng and van den Hengel, Anton and Xie, Dehua and Zeng, Bing},
  journal={IEEE Trans. Multimedia},
  year={2020},
  publisher={IEEE}
}

@inproceedings{tai2017image,
  title={Image Super-Resolution via Deep Recursive Residual Network},
  author={Tai, Ying and Yang, Jian and Liu, Xiaoming},
  booktitle={Proc. IEEE Conf. Comput. Vis. Pattern Recognit.},
  pages={3147--3155},
  year={2017}
}

@article{berman2020underwater, 
title={Underwater single image color restoration using haze-lines and a new quantitative dataset (early access)},
author={Berman, Dana and Levy, Deborah and Avidan, Shai and Treibitz, Tali},
journal={IEEE Trans. Pattern Anal. Mach. Intell.},
year={2020}
}
@article{ancuti2019color,
  title={Color channel compensation (3C): A fundamental pre-processing step for image enhancement},
  author={Ancuti, Codruta O and Ancuti, Cosmin and De Vleeschouwer, Christophe and Sbert, Mateu},
  journal={IEEE Trans. Image Process.},
  volume={29},
  pages={2653--2665},
  year={2020},
  publisher={IEEE}
}
@article{ancuti2017color,
  title={Color balance and fusion for underwater image enhancement},
  author={Ancuti, Codruta O and Ancuti, De and Vleeschouwer, Christophe and Bekaert, Philippe},
  journal={IEEE Trans. Image Process.},
  volume={27},
  number={1},
  pages={379--393},
  year={2019},
  publisher={IEEE}
}
@inproceedings{ancuti2016multi,
  title={Multi-scale underwater descattering},
  author={Ancuti, Cosmin and Ancuti, De and Vleeschouwer, Christophe and Garcia, Rafael and Bovik, Alan C},
  booktitle={Proc. IEEE Int. Conf. Pattern Recognit.},
  pages={4202--4207},
  year={2016}
}

@article{emberton2018underwater,
  title={Underwater image and video dehazing with pure haze region segmentation},
  author={Emberton, Simon and Chittka, Lars and Cavallaro, Andrea},
  journal={Comput Vis Image Underst.},
  volume={168},
  pages={145--156},
  year={2018},
  publisher={Elsevier}
}

@inproceedings{wang2019lednet,
  title={Lednet: A lightweight encoder-decoder network for real-time semantic segmentation},
  author={Wang, Yu and Zhou, Quan and Liu, Jia and Xiong, Jian and Gao, Guangwei and Wu, Xiaofu and Latecki, Longin Jan},
  booktitle={Proc. IEEE 26th Int. Conf. Image Process.},
  pages={1860--1864},
  year={2019}
}

@inproceedings{ma2018shufflenet,
  title={Shufflenet v2: Practical guidelines for efficient cnn architecture design},
  author={Ma, Ningning and Zhang, Xiangyu and Zheng, Hai-Tao and Sun, Jian},
  booktitle={Proc. Eur. Conf. Comput. Vis.},
  pages={116--131},
  year={2018}
}
@inproceedings{wang2003multiscale,
  title={Multiscale structural similarity for image quality assessment},
  author={Wang, Zhou and Simoncelli, Eero P and Bovik, Alan C},
  booktitle={IEEE Asilomar Conference on Signals, Systems and Computers},
  volume={2},
  pages={1398--1402},
  year={2003}
}

@article{iqbal2020underwater,
  title={Underwater Image Enhancement Using Laplace Decomposition (early access)},
  author={Iqbal, Mehwish and Riaz, Muhammad Mohsin and Ali, Syed Sohaib and Ghafoor, Abdul and Ahmad, Attiq},
  journal={IEEE Geosci. Remote. Sens. Lett.},
  year={2020},
  publisher={IEEE}
}
